@article{953350,
  Address = {New York, NY, USA},
  Author = {Nassi, I. and Shneiderman, B.},
  Doi = {10.1145/953349.953350},
  Issn = {0362-1340},
  Journal = {SIGPLAN Not.},
  Number = {8},
  Pages = {12--26},
  Publisher = {ACM},
  Title = {Flowchart techniques for structured programming},
  Volume = {8},
  Year = {1973}}