@Inproceedings{firstDemoReference,
    author    = {My Name and A Co-Author},
    title     = {Useless Stuff That No One Cares About},
    booktitle = {\bibstoc{coolest}{XX}},
    year      = {2025},
    pages     = {42--1337},
    publisher = ACM,
    numpages  = {1296},
}

@Article{secondDemoReference,
    author    = {My Name and First Co-Author and Second Co-Author and Third Co-Author and Fourth Co-Author},
    title     = {Dear Lord! How Did This Get Accepted?},
    journal   = ZMLGM,
    year      = {2030},
    volume    = {42},
    number    = {1},
    pages     = {2--1024},
    publisher = {No Clue},
}